<?xml version="1.0" encoding="UTF-8" ?><marc:collection xmlns:marc="http://www.loc.gov/MARC21/slim" xmlns:xsi="http://www.w3.org/2001/XMLSchema-instance" xsi:schemaLocation="http://www.loc.gov/MARC21/slim http://www.loc.gov/standards/marcxml/schema/MARC21slim.xsd">
<marc:record><marc:leader>01879cam a2200385Mi 4500</marc:leader>
<marc:controlfield tag="001">b14521921</marc:controlfield>
<marc:controlfield tag="003">UaCaAUL</marc:controlfield><marc:controlfield tag="005">20181219122806.0</marc:controlfield><marc:controlfield tag="008">940707s1940    ua       b    001 0 araod</marc:controlfield><marc:datafield tag="035" ind1=" " ind2=" "><marc:subfield code="a">(OCoLC)61737877</marc:subfield></marc:datafield><marc:datafield tag="040" ind1=" " ind2=" "><marc:subfield code="a">LGG</marc:subfield><marc:subfield code="b">eng</marc:subfield><marc:subfield code="e">rda</marc:subfield><marc:subfield code="c">LGG</marc:subfield><marc:subfield code="d">OCLCG</marc:subfield><marc:subfield code="d">OCLCA</marc:subfield><marc:subfield code="d">OCLCQ</marc:subfield><marc:subfield code="d">OCLCO</marc:subfield><marc:subfield code="d">OCLCF</marc:subfield><marc:subfield code="d">OCLCO</marc:subfield><marc:subfield code="d">UUM</marc:subfield><marc:subfield code="d">MEAUC</marc:subfield></marc:datafield><marc:datafield tag="049" ind1=" " ind2=" "><marc:subfield code="a">MAIN</marc:subfield></marc:datafield><marc:datafield tag="050" ind1=" " ind2="4"><marc:subfield code="a">KBP440.62.S53</marc:subfield><marc:subfield code="b">A34 1940</marc:subfield></marc:datafield><marc:datafield tag="066" ind1=" " ind2=" "><marc:subfield code="c">(3</marc:subfield></marc:datafield><marc:datafield tag="090" ind1=" " ind2=" "><marc:subfield code="a">KBP440.62.S53</marc:subfield><marc:subfield code="b">A34 1940</marc:subfield></marc:datafield><marc:datafield tag="100" ind1="1" ind2=" "><marc:subfield code="6">880-01</marc:subfield><marc:subfield code="a">Shāfiʻī, Muḥammad ibn Idrīs,</marc:subfield><marc:subfield code="d">767 or 768-820.</marc:subfield></marc:datafield><marc:datafield tag="245" ind1="1" ind2="0"><marc:subfield code="6">880-02</marc:subfield><marc:subfield code="a">Jimāʻ al-ʻilm /</marc:subfield><marc:subfield code="c">lil-Imām al-Muṭṭalibī Muḥammad ibn Idrīs al-Shāfiʻī, 150-204 ; taḥqīq Aḥmad Muḥammad Shākir, 1309-.</marc:subfield></marc:datafield><marc:datafield tag="264" ind1=" " ind2="1"><marc:subfield code="6">880-03</marc:subfield><marc:subfield code="a">Miṣr :</marc:subfield><marc:subfield code="b">Maṭbaʻat al-Maʻārif wa-Maktabatihā bi-Miṣr,</marc:subfield><marc:subfield code="c">1359, 1940.</marc:subfield></marc:datafield><marc:datafield tag="300" ind1=" " ind2=" "><marc:subfield code="a">144 pages ;</marc:subfield><marc:subfield code="c">20 cm.</marc:subfield></marc:datafield><marc:datafield tag="336" ind1=" " ind2=" "><marc:subfield code="a">text</marc:subfield><marc:subfield code="b">txt</marc:subfield><marc:subfield code="2">rdacontent.</marc:subfield></marc:datafield><marc:datafield tag="337" ind1=" " ind2=" "><marc:subfield code="a">unmediated</marc:subfield><marc:subfield code="b">n</marc:subfield><marc:subfield code="2">rdamedia.</marc:subfield></marc:datafield><marc:datafield tag="338" ind1=" " ind2=" "><marc:subfield code="a">volume</marc:subfield><marc:subfield code="b">nc</marc:subfield><marc:subfield code="2">rdacarrier.</marc:subfield></marc:datafield><marc:datafield tag="500" ind1=" " ind2=" "><marc:subfield code="6">880-04</marc:subfield><marc:subfield code="a">&quot;Ḥuqūq al-ṭabʻ maḥfūẓah li-muḥaqqiq al-kitāb&quot;--Page facing title page.</marc:subfield></marc:datafield><marc:datafield tag="504" ind1=" " ind2=" "><marc:subfield code="a">Includes bibliographical references and indexes.</marc:subfield></marc:datafield><marc:datafield tag="650" ind1=" " ind2="0"><marc:subfield code="a">Islamic law</marc:subfield><marc:subfield code="v">Sources</marc:subfield><marc:subfield code="v">Early works to 1800.</marc:subfield></marc:datafield><marc:datafield tag="700" ind1="1" ind2=" "><marc:subfield code="6">880-05</marc:subfield><marc:subfield code="a">Shākir, Aḥmad Muḥammad.</marc:subfield></marc:datafield><marc:datafield tag="880" ind1="1" ind2="0"><marc:subfield code="6">245-02/(3/r</marc:subfield><marc:subfield code="a">جماع العلم /‪</marc:subfield><marc:subfield code="c">للإمام المطلي محمد بن إدريس الشافعي، 150-204 ؛ تحقيق أحمد محمد شاكر، 1309-.</marc:subfield></marc:datafield><marc:datafield tag="880" ind1="1" ind2=" "><marc:subfield code="6">100-01/(3/r</marc:subfield><marc:subfield code="a">شافعي، محمد بن إدريس،‪</marc:subfield><marc:subfield code="d">767 أو 768-820.</marc:subfield></marc:datafield><marc:datafield tag="880" ind1=" " ind2="1"><marc:subfield code="6">264-03/(3/r</marc:subfield><marc:subfield code="a">مصر :‪</marc:subfield><marc:subfield code="b">مطبعة المعارف ومكتبتها بمصر،‪</marc:subfield><marc:subfield code="c">1359, 1940.</marc:subfield></marc:datafield><marc:datafield tag="880" ind1=" " ind2=" "><marc:subfield code="6">500-04/(3/r</marc:subfield><marc:subfield code="a">&quot;حقوق الطبع محفوظة لمحقق الكتاب&quot;--Page facing title page.</marc:subfield></marc:datafield><marc:datafield tag="880" ind1="1" ind2=" "><marc:subfield code="6">700-05/(3/r</marc:subfield><marc:subfield code="a">شاكر، أحمد محمد..</marc:subfield></marc:datafield><marc:datafield tag="907" ind1=" " ind2=" "><marc:subfield code="a">.b14521921</marc:subfield><marc:subfield code="b">main </marc:subfield></marc:datafield><marc:datafield tag="902" ind1=" " ind2=" "><marc:subfield code="a">190117</marc:subfield></marc:datafield><marc:datafield tag="998" ind1=" " ind2=" "><marc:subfield code="b">1</marc:subfield><marc:subfield code="c">080612</marc:subfield><marc:subfield code="d">m</marc:subfield><marc:subfield code="e">a</marc:subfield><marc:subfield code="f">-</marc:subfield><marc:subfield code="g">0</marc:subfield><marc:subfield code="k">TA</marc:subfield></marc:datafield><marc:datafield tag="945" ind1=" " ind2=" "><marc:subfield code="l">main </marc:subfield></marc:datafield></marc:record>
</marc:collection>
